@inproceedings{Mueller:1995:ACB:207110.207116,
 author = {Mueller, Frank and Whalley, David B.},
 title = {Avoiding Conditional Branches by Code Replication},
 booktitle = {Proceedings of the ACM SIGPLAN 1995 Conference on Programming Language Design and Implementation},
 series = {PLDI '95},
 year = {1995},
 isbn = {0-89791-697-2},
 location = {La Jolla, California, USA},
 pages = {56--66},
 numpages = {11},
 url = {http://doi.acm.org/10.1145/207110.207116},
 doi = {10.1145/207110.207116},
 acmid = {207116},
 publisher = {ACM},
 address = {New York, NY, USA},
}